<record><leader>00000cas a22000007a 4500</leader><controlfield tag="001">14192561</controlfield><controlfield tag="008">860908d19211923mtuwr ne      0    0eng d</controlfield><datafield ind1=" " ind2=" " tag="010"><subfield code="a">sn 86075320 </subfield></datafield><datafield ind1=" " ind2=" " tag="040"><subfield code="a">MTL</subfield><subfield code="b">eng</subfield><subfield code="c">MTL</subfield><subfield code="d">OCLCQ</subfield></datafield><datafield ind1=" " ind2=" " tag="042"><subfield code="a">msc</subfield></datafield><datafield ind1="0" ind2="0" tag="245"><subfield code="a">Virginia City times.</subfield></datafield><datafield ind1=" " ind2=" " tag="260"><subfield code="a">Virginia City, Mont. :</subfield><subfield code="b">C.H. Browne,</subfield><subfield code="c">-1923.</subfield></datafield><datafield ind1=" " ind2=" " tag="300"><subfield code="a">2 v. :</subfield><subfield code="b">ill.</subfield></datafield><datafield ind1=" " ind2=" " tag="310"><subfield code="a">Weekly</subfield></datafield><datafield ind1="0" ind2=" " tag="362"><subfield code="a">-v. 2, no. 50 (Apr. 24, 1923).</subfield></datafield><datafield ind1="1" ind2=" " tag="362"><subfield code="a">Began 1921.</subfield><subfield code="z">Cf. Gregory, W. Amer. newspapers.</subfield></datafield><datafield ind1=" " ind2=" " tag="500"><subfield code="a">"Republican newspaper for Republican Readers."</subfield></datafield><datafield ind1=" " ind2=" " tag="588"><subfield code="a">Description based on: Vol. 1, no. 38 (Jan. 31, 1922).</subfield></datafield><datafield ind1=" " ind2=" " tag="752"><subfield code="a">United States</subfield><subfield code="b">Montana</subfield><subfield code="c">Madison</subfield><subfield code="d">Virginia City.</subfield></datafield><datafield ind1="0" ind2="5" tag="780"><subfield code="t">Madison County monitor</subfield><subfield code="g">Dec. 26 , 1922</subfield><subfield code="w">(DLC)sn 85053255</subfield></datafield><datafield ind1="0" ind2="4" tag="785"><subfield code="t">Twin Bridges independent</subfield><subfield code="g">Apr. 1923</subfield><subfield code="w">(DLC)sn 85053259</subfield></datafield></record>